<?xml version="1.0" encoding="UTF-8"?><collection xmlns="http://www.loc.gov/MARC21/slim"><record><leader>00505nam--2200169-i-4500</leader><controlfield tag="001">000026267</controlfield><controlfield tag="002">20161230</controlfield><controlfield tag="005">20170106174813</controlfield><controlfield tag="008">060222s1000------------r-----000-0-eng-d</controlfield><datafield ind1=" " ind2=" " tag="040"><subfield code="a">IFIN-HH</subfield></datafield><datafield ind1=" " ind2=" " tag="080"><subfield code="a">801.323.2=590=945.11</subfield></datafield><datafield ind1="1" ind2=" " tag="100"><subfield code="a">Kelemen, B©♭la</subfield></datafield><datafield ind1="1" ind2="0" tag="245"><subfield code="a">Dictionar roman-maghiar</subfield><subfield code="b">Rom©Łn-magyar sz©đt©Łr</subfield><subfield code="c">B©♭la Kelemen, colaborator L¿rinc Sz©Łsz</subfield></datafield><datafield ind1=" " ind2=" " tag="260"><subfield code="a">Bucuresti</subfield><subfield code="b">Editura Stiintifica Si Enciclopedica</subfield><subfield code="c">1980</subfield></datafield><datafield ind1=" " ind2=" " tag="300"><subfield code="a">800 p</subfield></datafield><datafield ind1=" " ind2=" " tag="852"><subfield code="a">D.546</subfield><subfield code="c">SLF</subfield></datafield><datafield ind1=" " ind2=" " tag="CAT"><subfield code="a">SYS</subfield><subfield code="c">20170106</subfield><subfield code="h">174813</subfield></datafield></record></collection>